
 <record>
  <leader>00735nam  2200229   4500</leader>
  <controlfield tag="001">cls0033334</controlfield>
  <controlfield tag="005">20021115010101.0</controlfield>
  <controlfield tag="008">961220s1986    xx                  fin  </controlfield>
  <datafield tag="020" ind1=" " ind2=" ">
   <subfield code="a">(nid.)</subfield>
  </datafield>
  <datafield tag="035" ind1=" " ind2=" ">
   <subfield code="a">(FI-HELMET)b1000006</subfield>
  </datafield>
  <datafield tag="041" ind1="1" ind2=" ">
   <subfield code="a">fin</subfield>
   <subfield code="h">(eng)</subfield>
  </datafield>
  <datafield tag="245" ind1="1" ind2="0">
   <subfield code="a">007 ja kuoleman katse :</subfield>
   <subfield code="b">sarjakuvaversio</subfield>
  </datafield>
  <datafield tag="260" ind1=" " ind2=" ">
   <subfield code="a">[Tampere] :</subfield>
   <subfield code="b">Semic,</subfield>
   <subfield code="c">cop. 1986</subfield>
  </datafield>
  <datafield tag="300" ind1=" " ind2=" ">
   <subfield code="a">50 s. :</subfield>
   <subfield code="b">kuv.</subfield>
  </datafield>
  <datafield tag="500" ind1=" " ind2=" ">
   <subfield code="a">Nimiösivulla teksti: Albert R. Broccoli esittää: Roger Moore on Ian Flemingin James Bond 007 a view to a kill, 007 ja kuoleman katse : sarjakuvaversio</subfield>
  </datafield>
  <datafield tag="546" ind1=" " ind2=" ">
   <subfield code="a">suomi</subfield>
  </datafield>
  <datafield tag="574" ind1=" " ind2=" ">
   <subfield code="a">Luett. Y. Lindegren</subfield>
  </datafield>
  <datafield tag="588" ind1=" " ind2=" ">
   <subfield code="a">1.791</subfield>
  </datafield>
  <datafield tag="599" ind1=" " ind2=" ">
   <subfield code="a">KIRJA / BOK</subfield>
  </datafield>
  <datafield tag="740" ind1="0" ind2=" ">
   <subfield code="a">James Bond 007 ja kuoleman katse</subfield>
  </datafield>
  <datafield tag="740" ind1="0" ind2=" ">
   <subfield code="a">Kuoleman katse</subfield>
  </datafield>
  <datafield tag="765" ind1="0" ind2=" ">
   <subfield code="t">A view to a kill</subfield>
  </datafield>
  <datafield tag="913" ind1="0" ind2="0">
   <subfield code="a">*0JKKAT98000</subfield>
  </datafield>
 </record>