
 <record>
  <leader>01225ngm  2200397   4500</leader>
  <controlfield tag="001">kr30844916</controlfield>
  <controlfield tag="008">930804q1993    xx                ||fin  </controlfield>
  <datafield tag="028" ind1="4" ind2="1">
   <subfield code="a">---</subfield>
   <subfield code="b">WES 99213</subfield>
  </datafield>
  <datafield tag="035" ind1=" " ind2=" ">
   <subfield code="a">(FI-HELMET)b1000007</subfield>
  </datafield>
  <datafield tag="041" ind1="1" ind2=" ">
   <subfield code="a">fineng</subfield>
   <subfield code="h">(eng)</subfield>
  </datafield>
  <datafield tag="245" ind1="1" ind2="0">
   <subfield code="a">007 ja kuoleman katse /</subfield>
   <subfield code="c">ohjaus John Glen ; käsikirjoitus Richard Maibaum ja Michael G Wilson ; musiikki John Barry</subfield>
  </datafield>
  <datafield tag="260" ind1=" " ind2=" ">
   <subfield code="a">Helsinki :</subfield>
   <subfield code="b">Fazervideo,</subfield>
   <subfield code="c">[1993]</subfield>
  </datafield>
  <datafield tag="300" ind1=" " ind2=" ">
   <subfield code="a">1 videokas. (2 h 5 min) :</subfield>
   <subfield code="b">vär.</subfield>
  </datafield>
  <datafield tag="440" ind1=" " ind2="0">
   <subfield code="a">James Bond 007</subfield>
  </datafield>
  <datafield tag="506" ind1=" " ind2=" ">
   <subfield code="a">K15, T-92915. - Lainausoikeus</subfield>
  </datafield>
  <datafield tag="511" ind1="0" ind2=" ">
   <subfield code="a">Pääosissa: Roger Moore, Tanya Roberts, Grace Jones</subfield>
  </datafield>
  <datafield tag="534" ind1=" " ind2=" ">
   <subfield code="c">Danjaq, cop. 1985</subfield>
  </datafield>
  <datafield tag="546" ind1=" " ind2=" ">
   <subfield code="a">Tekstitys: suomi, ääniraita: englanti</subfield>
  </datafield>
  <datafield tag="574" ind1=" " ind2=" ">
   <subfield code="a">Tibo, ei enää saatavilla</subfield>
  </datafield>
  <datafield tag="575" ind1=" " ind2=" ">
   <subfield code="a">Luett. RB</subfield>
  </datafield>
  <datafield tag="575" ind1=" " ind2=" ">
   <subfield code="a">Tibo</subfield>
  </datafield>
  <datafield tag="588" ind1=" " ind2=" ">
   <subfield code="a">1.4</subfield>
  </datafield>
  <datafield tag="589" ind1=" " ind2=" ">
   <subfield code="a">2.4</subfield>
  </datafield>
  <datafield tag="590" ind1=" " ind2=" ">
   <subfield code="a">1.4</subfield>
  </datafield>
  <datafield tag="599" ind1=" " ind2=" ">
   <subfield code="a">VIDEO</subfield>
  </datafield>
  <datafield tag="600" ind1="1" ind2="4">
   <subfield code="a">Bond, James</subfield>
  </datafield>
  <datafield tag="650" ind1=" " ind2="4">
   <subfield code="a">jännityselokuvat</subfield>
  </datafield>
  <datafield tag="650" ind1=" " ind2="4">
   <subfield code="a">elokuvat</subfield>
  </datafield>
  <datafield tag="650" ind1=" " ind2="4">
   <subfield code="a">1980-luku</subfield>
  </datafield>
  <datafield tag="651" ind1=" " ind2="4">
   <subfield code="a">Iso-Britannia</subfield>
  </datafield>
  <datafield tag="700" ind1="1" ind2=" ">
   <subfield code="a">Glen, John</subfield>
   <subfield code="e">(ohj.)</subfield>
  </datafield>
  <datafield tag="700" ind1="1" ind2=" ">
   <subfield code="a">Mailbaum, Richard</subfield>
   <subfield code="e">(käsik.)</subfield>
  </datafield>
  <datafield tag="700" ind1="1" ind2=" ">
   <subfield code="a">Wilson, Michael G.</subfield>
   <subfield code="e">(käsik.)</subfield>
  </datafield>
  <datafield tag="700" ind1="1" ind2=" ">
   <subfield code="a">Moore, Roger</subfield>
   <subfield code="e">(näytt.)</subfield>
  </datafield>
  <datafield tag="700" ind1="1" ind2=" ">
   <subfield code="a">Roberts, Tanya</subfield>
   <subfield code="e">(näytt.)</subfield>
  </datafield>
  <datafield tag="700" ind1="1" ind2=" ">
   <subfield code="a">Jones, Grace</subfield>
   <subfield code="e">(näytt.)</subfield>
  </datafield>
  <datafield tag="765" ind1="0" ind2=" ">
   <subfield code="t">A view to a kill</subfield>
  </datafield>
 </record>