
 <record>
  <leader>01975ngm  2200517   4500</leader>
  <controlfield tag="001">cls0123839</controlfield>
  <controlfield tag="008">011017s2001    xx                  mul  </controlfield>
  <datafield tag="028" ind1="0" ind2="1">
   <subfield code="b">MGM DVD</subfield>
   <subfield code="a">16177-58</subfield>
  </datafield>
  <datafield tag="035" ind1=" " ind2=" ">
   <subfield code="a">(FI-HELMET)b1000008</subfield>
  </datafield>
  <datafield tag="041" ind1="1" ind2=" ">
   <subfield code="a">finswedannorengdutporpolgrehunturheb</subfield>
   <subfield code="h">(eng)</subfield>
  </datafield>
  <datafield tag="245" ind1="1" ind2="0">
   <subfield code="a">007 ja kultainen silmä :</subfield>
   <subfield code="b">special 007 edition /</subfield>
   <subfield code="c">directed by Martin Campbell ; story by Michael France ; screenplay by Jeffrey Caine and Bruce Feirstein ; music by Eric Serra</subfield>
  </datafield>
  <datafield tag="260" ind1=" " ind2=" ">
   <subfield code="a">Helsinki :</subfield>
   <subfield code="b">FS Film,</subfield>
   <subfield code="c">[2001]</subfield>
  </datafield>
  <datafield tag="300" ind1=" " ind2=" ">
   <subfield code="a">1 DVD-levy (2 h 4 min) :</subfield>
   <subfield code="b">väri +</subfield>
   <subfield code="e">tekstiliite</subfield>
  </datafield>
  <datafield tag="440" ind1=" " ind2="0">
   <subfield code="a">007</subfield>
  </datafield>
  <datafield tag="500" ind1=" " ind2=" ">
   <subfield code="a">Perustuu Ian Flemingin luomaan hahmoon. - Ääniraita englanti</subfield>
  </datafield>
  <datafield tag="505" ind1="0" ind2=" ">
   <subfield code="a">Mukana myös elokuvan tunnuskappale: Goldeneye / säv. Bono and the Edge, esitt. Tina Turner</subfield>
  </datafield>
  <datafield tag="506" ind1=" " ind2=" ">
   <subfield code="a">K15, T-99541. - Lainausoikeus</subfield>
  </datafield>
  <datafield tag="511" ind1="0" ind2=" ">
   <subfield code="a">Rooleissa: Pierce Brosnan, Sean Bean, Izabella Scorupco, Famke Janssen</subfield>
  </datafield>
  <datafield tag="534" ind1=" " ind2=" ">
   <subfield code="c">Danjaq S.A. ja United Artists, 1995</subfield>
  </datafield>
  <datafield tag="546" ind1=" " ind2=" ">
   <subfield code="a">Tekstitys: suomi, svenska, tanska, norja, englanti, hollanti, portugali, puola, kreikka, unkari, turkki, heprea sekä englanti kuulovammaisille, ääniraita: englanti</subfield>
  </datafield>
  <datafield tag="574" ind1=" " ind2=" ">
   <subfield code="a">Kipa</subfield>
   <subfield code="b">0111helaik</subfield>
  </datafield>
  <datafield tag="575" ind1=" " ind2=" ">
   <subfield code="a">eaunola</subfield>
   <subfield code="b">0110espaik</subfield>
  </datafield>
  <datafield tag="577" ind1=" " ind2=" ">
   <subfield code="b">0110vanaik</subfield>
  </datafield>
  <datafield tag="588" ind1=" " ind2=" ">
   <subfield code="a">1.4</subfield>
  </datafield>
  <datafield tag="589" ind1=" " ind2=" ">
   <subfield code="a">2.4</subfield>
  </datafield>
  <datafield tag="590" ind1=" " ind2=" ">
   <subfield code="a">1.4</subfield>
  </datafield>
  <datafield tag="599" ind1=" " ind2=" ">
   <subfield code="a">DVDLEVY / DVDSKIVA</subfield>
  </datafield>
  <datafield tag="600" ind1="1" ind2="4">
   <subfield code="a">Bond, James</subfield>
  </datafield>
  <datafield tag="650" ind1=" " ind2="4">
   <subfield code="a">jännityselokuvat</subfield>
  </datafield>
  <datafield tag="650" ind1=" " ind2="4">
   <subfield code="a">toimintaelokuvat</subfield>
  </datafield>
  <datafield tag="650" ind1=" " ind2="4">
   <subfield code="a">vakoiluelokuvat</subfield>
  </datafield>
  <datafield tag="650" ind1=" " ind2="4">
   <subfield code="a">elokuvat</subfield>
  </datafield>
  <datafield tag="650" ind1=" " ind2="4">
   <subfield code="a">1990-luku</subfield>
  </datafield>
  <datafield tag="651" ind1=" " ind2="4">
   <subfield code="a">Iso-Britannia</subfield>
  </datafield>
  <datafield tag="700" ind1="1" ind2=" ">
   <subfield code="a">Campbell, Martin</subfield>
   <subfield code="e">(ohj.)</subfield>
  </datafield>
  <datafield tag="700" ind1="1" ind2=" ">
   <subfield code="a">Fleming, Ian.</subfield>
  </datafield>
  <datafield tag="700" ind1="1" ind2=" ">
   <subfield code="a">France, Michael</subfield>
   <subfield code="e">(käsik.)</subfield>
  </datafield>
  <datafield tag="700" ind1="1" ind2=" ">
   <subfield code="a">Caine, Jeffrey</subfield>
   <subfield code="e">(käsik.)</subfield>
  </datafield>
  <datafield tag="700" ind1="1" ind2=" ">
   <subfield code="a">Feirstein, Bruce</subfield>
   <subfield code="e">(käsik.)</subfield>
  </datafield>
  <datafield tag="700" ind1="1" ind2=" ">
   <subfield code="a">Serra, Eric</subfield>
   <subfield code="e">(säv.)</subfield>
  </datafield>
  <datafield tag="700" ind1="1" ind2=" ">
   <subfield code="a">Brosnan, Pierce</subfield>
   <subfield code="e">(näytt.)</subfield>
  </datafield>
  <datafield tag="700" ind1="1" ind2=" ">
   <subfield code="a">Bean, Sean</subfield>
   <subfield code="e">(näytt.)</subfield>
  </datafield>
  <datafield tag="700" ind1="1" ind2=" ">
   <subfield code="a">Scorupco, Izabella</subfield>
   <subfield code="e">(näytt.)</subfield>
  </datafield>
  <datafield tag="700" ind1="1" ind2=" ">
   <subfield code="a">Janssen, Famke</subfield>
   <subfield code="e">(näytt.)</subfield>
  </datafield>
  <datafield tag="700" ind1="1" ind2=" ">
   <subfield code="a">Turner, Tina</subfield>
   <subfield code="e">(esitt.)</subfield>
  </datafield>
  <datafield tag="740" ind1="0" ind2=" ">
   <subfield code="a">Kultainen silmä</subfield>
  </datafield>
  <datafield tag="765" ind1="0" ind2=" ">
   <subfield code="t">Goldeneye</subfield>
  </datafield>
 </record>